@inproceedings{tohidi06:getting,
 author = {Tohidi, Maryam and Buxton, William and Baecker, Ronald and Sellen, Abigail},
 title = {Getting the right design and the design right},
 booktitle = {Proceedings of the SIGCHI Conference on Human Factors in Computing Systems},
 series = {CHI '06},
 year = {2006},
 isbn = {1-59593-372-7},
 location = {Montr\&\#233;al, Qu\&\#233;bec, Canada},
 pages = {1243--1252},
 numpages = {10},
 url = {http://doi.acm.org/10.1145/1124772.1124960},
 doi = {10.1145/1124772.1124960},
 acmid = {1124960},
 publisher = {ACM},
 address = {New York, NY, USA},
 keywords = {design, evaluation, methods, participatory design, prototyping, usability testing, user centered design},
} 

@book{mureta12:app,
 author = {Mureta, Chad},
 title = {App Empire: Make Money, Have a Life, and Let Technology Work for You},
 publisher = {Wiley},
 address = {Hoboken, NJ},
 year = {2012},
}
	    
@misc{website06:mobile,
 author = {System},
 title = {Mobile Marketing Research Priorities: Roadmap to Engaging the 'Connected Customer'},
 month = {August},
 year = {2006},
 url = {http://www.mmaglobal.com/articles/mobile-marketing-research-priorities-roadmap-engaging-%E2%80%9Cconnected-customer%E2%80%9D},
}