@BOOK{mureta,
	    AUTHOR = "Mureta, Chad",
	    TITLE = "App Empire: Make Money, Have a Life, and Let Technology Work for You",
	    PUBLISHER = {Wiley},
	    ADDRESS = {Hoboken, NJ},
	    YEAR = 2012}
	    
@misc{website:MMA,
	       %author = "System",
	       title = "Mobile Marketing Research Priorities: Roadmap to Engaging the 'Connected Customer'",
	       month = "August",
	       year = "2006",
	       url = "http://www.mmaglobal.com/articles/mobile-marketing-research-priorities-roadmap-engaging-%E2%80%9Cconnected-customer%E2%80%9D"
	
